% Encoding: UTF8

@article{张兵2017,
  title={当代遥感科技发展的现状与未来展望},
  author={张兵},
  journal={中国科学院院刊},
  volume={32},
  number={7},
  pages={774--784},
  year={2017}
}

@article{yang2017,
  title={Estimating soil salinity under various moisture conditions: An experimental study},
  author={Yang, Xiguang and Yu, Ying},
  journal={IEEE Transactions on Geoscience and Remote Sensing},
  volume={55},
  number={5},
  pages={2525--2533},
  year={2017},
  publisher={IEEE}
}

@article{liu2020,
  title={Arbitrary Direction Ship Detection in Remote-Sensing Images Based on Multitask Learning and Multiregion Feature Fusion},
  author={Liu, Qiangwei and Xiang, Xiuqiao and Yang, Zhou and Hu, Yu and Hong, Yuming},
  journal={IEEE Transactions on Geoscience and Remote Sensing},
  year={2020},
  publisher={IEEE}
}

@article{tian2019,
  title={A New Methodology of Soil Salinization Degree Classification by Probability Neural Network Model Based on Centroid of Fractional Lorenz Chaos Self-Synchronization Error Dynamics},
  author={Tian, Anhong and Fu, Chengbiao and Yau, Her-Terng and Su, Xiao-Yi and Xiong, Heigang},
  journal={IEEE Transactions on Geoscience and Remote Sensing},
  volume={58},
  number={2},
  pages={799--810},
  year={2019},
  publisher={IEEE}
}

@article{童庆禧2016中国高光谱遥感的前沿进展,
  title={中国高光谱遥感的前沿进展},
  author={童庆禧 and 张兵 and 张立福},
  journal={遥感学报},
  volume={20},
  number={5},
  pages={689--707},
  year={2016}
}

@article{li2019deep,
  title={Deep learning for hyperspectral image classification: An overview},
  author={Li, Shutao and Song, Weiwei and Fang, Leyuan and Chen, Yushi and Ghamisi, Pedram and Benediktsson, J{\'o}n Atli},
  journal={IEEE Transactions on Geoscience and Remote Sensing},
  volume={57},
  number={9},
  pages={6690--6709},
  year={2019},
  publisher={IEEE}
}

@article{hughes1968mean,
  title={On the mean accuracy of statistical pattern recognizers},
  author={Hughes, Gordon},
  journal={IEEE transactions on information theory},
  volume={14},
  number={1},
  pages={55--63},
  year={1968},
  publisher={IEEE}
}

@article{liang2015estimation,
  title={Estimation of crop LAI using hyperspectral vegetation indices and a hybrid inversion method},
  author={Liang, Liang and Di, Liping and Zhang, Lianpeng and Deng, Meixia and Qin, Zhihao and Zhao, Shuhe and Lin, Hui},
  journal={Remote Sensing of Environment},
  volume={165},
  pages={123--134},
  year={2015},
  publisher={Elsevier}
}

@article{ghamisi2018new,
  title={New frontiers in spectral-spatial hyperspectral image classification: The latest advances based on mathematical morphology, Markov random fields, segmentation, sparse representation, and deep learning},
  author={Ghamisi, Pedram and Maggiori, Emmanuel and Li, Shutao and Souza, Roberto and Tarablaka, Yuliya and Moser, Gabriele and De Giorgi, Andrea and Fang, Leyuan and Chen, Yushi and Chi, Mingmin and others},
  journal={IEEE geoscience and remote sensing magazine},
  volume={6},
  number={3},
  pages={10--43},
  year={2018},
  publisher={IEEE}
}

@article{he2017recent,
  title={Recent advances on spectral--spatial hyperspectral image classification: An overview and new guidelines},
  author={He, Lin and Li, Jun and Liu, Chenying and Li, Shutao},
  journal={IEEE Transactions on Geoscience and Remote Sensing},
  volume={56},
  number={3},
  pages={1579--1597},
  year={2017},
  publisher={IEEE}
}

@article{melgani2004classification,
  title={Classification of hyperspectral remote sensing images with support vector machines},
  author={Melgani, Farid and Bruzzone, Lorenzo},
  journal={IEEE Transactions on geoscience and remote sensing},
  volume={42},
  number={8},
  pages={1778--1790},
  year={2004},
  publisher={IEEE}
}

@article{li2010semisupervised,
  title={Semisupervised hyperspectral image segmentation using multinomial logistic regression with active learning},
  author={Li, Jun and Bioucas-Dias, Jos{\'e} M and Plaza, Antonio},
  journal={IEEE Transactions on Geoscience and Remote Sensing},
  volume={48},
  number={11},
  pages={4085--4098},
  year={2010},
  publisher={IEEE}
}

@article{li2011spectral,
  title={Spectral--spatial hyperspectral image segmentation using subspace multinomial logistic regression and Markov random fields},
  author={Li, Jun and Bioucas-Dias, Jos{\'e} M and Plaza, Antonio},
  journal={IEEE Transactions on Geoscience and Remote Sensing},
  volume={50},
  number={3},
  pages={809--823},
  year={2011},
  publisher={IEEE}
}

@article{du2010random,
  title={Random-selection-based anomaly detector for hyperspectral imagery},
  author={Du, Bo and Zhang, Liangpei},
  journal={IEEE Transactions on Geoscience and Remote sensing},
  volume={49},
  number={5},
  pages={1578--1589},
  year={2010},
  publisher={IEEE}
}

@article{du2014target,
  title={Target detection based on a dynamic subspace},
  author={Du, Bo and Zhang, Liangpei},
  journal={Pattern Recognition},
  volume={47},
  number={1},
  pages={344--358},
  year={2014},
  publisher={Elsevier}
}

@article{ghamisi2018,
  title={New frontiers in spectral-spatial hyperspectral image classification: The latest advances based on mathematical morphology, Markov random fields, segmentation, sparse representation, and deep learning},
  author={Ghamisi, Pedram and Maggiori, Emmanuel and Li, Shutao and Souza, Roberto and Tarablaka, Yuliya and Moser, Gabriele and De Giorgi, Andrea and Fang, Leyuan and Chen, Yushi and Chi, Mingmin and others},
  journal={IEEE geoscience and remote sensing magazine},
  volume={6},
  number={3},
  pages={10--43},
  year={2018},
  publisher={IEEE}
}

@article{he2017,
  title={Recent advances on spectral--spatial hyperspectral image classification: An overview and new guidelines},
  author={He, Lin and Li, Jun and Liu, Chenying and Li, Shutao},
  journal={IEEE Transactions on Geoscience and Remote Sensing},
  volume={56},
  number={3},
  pages={1579--1597},
  year={2017},
  publisher={IEEE}
}

@article{licciardi2011linear,
  title={Linear versus nonlinear PCA for the classification of hyperspectral data based on the extended morphological profiles},
  author={Licciardi, Giorgio and Marpu, Prashanth Reddy and Chanussot, Jocelyn and Benediktsson, Jon Atli},
  journal={IEEE Geoscience and Remote Sensing Letters},
  volume={9},
  number={3},
  pages={447--451},
  year={2011},
  publisher={IEEE}
}

@article{villa2011hyperspectral,
  title={Hyperspectral image classification with independent component discriminant analysis},
  author={Villa, Alberto and Benediktsson, J{\'o}n Atli and Chanussot, Jocelyn and Jutten, Christian},
  journal={IEEE transactions on Geoscience and remote sensing},
  volume={49},
  number={12},
  pages={4865--4876},
  year={2011},
  publisher={IEEE}
}

@article{bandos2009classification,
  title={Classification of hyperspectral images with regularized linear discriminant analysis},
  author={Bandos, Tatyana V and Bruzzone, Lorenzo and Camps-Valls, Gustavo},
  journal={IEEE Transactions on Geoscience and Remote Sensing},
  volume={47},
  number={3},
  pages={862--873},
  year={2009},
  publisher={IEEE}
}

@article{li2013generalized,
  title={Generalized composite kernel framework for hyperspectral image classification},
  author={Li, Jun and Marpu, Prashanth Reddy and Plaza, Antonio and Bioucas-Dias, Jose M and Benediktsson, Jon Atli},
  journal={IEEE transactions on geoscience and remote sensing},
  volume={51},
  number={9},
  pages={4816--4829},
  year={2013},
  publisher={IEEE}
}

@article{kang2013spectral,
  title={Spectral--spatial hyperspectral image classification with edge-preserving filtering},
  author={Kang, Xudong and Li, Shutao and Benediktsson, Jon Atli},
  journal={IEEE transactions on geoscience and remote sensing},
  volume={52},
  number={5},
  pages={2666--2677},
  year={2013},
  publisher={IEEE}
}

@article{fang2017hyperspectral,
  title={Hyperspectral image classification via multiple-feature-based adaptive sparse representation},
  author={Fang, Leyuan and Wang, Cheng and Li, Shutao and Benediktsson, J{\'o}n Atli},
  journal={IEEE Transactions on Instrumentation and Measurement},
  volume={66},
  number={7},
  pages={1646--1657},
  year={2017},
  publisher={IEEE}
}

@article{lu2017subpixel,
  title={From subpixel to superpixel: A novel fusion framework for hyperspectral image classification},
  author={Lu, Ting and Li, Shutao and Fang, Leyuan and Jia, Xiuping and Benediktsson, J{\'o}n Atli},
  journal={IEEE Transactions on Geoscience and Remote Sensing},
  volume={55},
  number={8},
  pages={4398--4411},
  year={2017},
  publisher={IEEE}
}

@article{fang2017extinction,
  title={Extinction profiles fusion for hyperspectral images classification},
  author={Fang, Leyuan and He, Nanjun and Li, Shutao and Ghamisi, Pedram and Benediktsson, Jon Atli},
  journal={IEEE Transactions on Geoscience and Remote Sensing},
  volume={56},
  number={3},
  pages={1803--1815},
  year={2017},
  publisher={IEEE}
}

@article{krizhevsky2017imagenet,
  title={Imagenet classification with deep convolutional neural networks},
  author={Krizhevsky, Alex and Sutskever, Ilya and Hinton, Geoffrey E},
  journal={Communications of the ACM},
  volume={60},
  number={6},
  pages={84--90},
  year={2017},
  publisher={AcM New York, NY, USA}
}

@inproceedings{szegedy2015going,
  title={Going deeper with convolutions},
  author={Szegedy, Christian and Liu, Wei and Jia, Yangqing and Sermanet, Pierre and Reed, Scott and Anguelov, Dragomir and Erhan, Dumitru and Vanhoucke, Vincent and Rabinovich, Andrew},
  booktitle={Proceedings of the IEEE conference on computer vision and pattern recognition},
  pages={1--9},
  year={2015}
}

@article{chen2014deep,
  title={Deep learning-based classification of hyperspectral data},
  author={Chen, Yushi and Lin, Zhouhan and Zhao, Xing and Wang, Gang and Gu, Yanfeng},
  journal={IEEE Journal of Selected topics in applied earth observations and remote sensing},
  volume={7},
  number={6},
  pages={2094--2107},
  year={2014},
  publisher={IEEE}
}

@article{chen2015spectral,
  title={Spectral--spatial classification of hyperspectral data based on deep belief network},
  author={Chen, Yushi and Zhao, Xing and Jia, Xiuping},
  journal={IEEE Journal of Selected Topics in Applied Earth Observations and Remote Sensing},
  volume={8},
  number={6},
  pages={2381--2392},
  year={2015},
  publisher={IEEE}
}

@article{liu2016active,
  title={Active deep learning for classification of hyperspectral images},
  author={Liu, Peng and Zhang, Hui and Eom, Kie B},
  journal={IEEE Journal of Selected Topics in Applied Earth Observations and Remote Sensing},
  volume={10},
  number={2},
  pages={712--724},
  year={2016},
  publisher={IEEE}
}

@article{zhong2017learning,
  title={Learning to diversify deep belief networks for hyperspectral image classification},
  author={Zhong, Ping and Gong, Zhiqiang and Li, Shutao and Sch{\"o}nlieb, Carola-Bibiane},
  journal={IEEE Transactions on Geoscience and Remote Sensing},
  volume={55},
  number={6},
  pages={3516--3530},
  year={2017},
  publisher={IEEE}
}

@article{yang2018hyperspectral,
  title={Hyperspectral image classification with deep learning models},
  author={Yang, Xiaofei and Ye, Yunming and Li, Xutao and Lau, Raymond YK and Zhang, Xiaofeng and Huang, Xiaohui},
  journal={IEEE Transactions on Geoscience and Remote Sensing},
  volume={56},
  number={9},
  pages={5408--5423},
  year={2018},
  publisher={IEEE}
}

@article{zhu2018generative,
  title={Generative adversarial networks for hyperspectral image classification},
  author={Zhu, Lin and Chen, Yushi and Ghamisi, Pedram and Benediktsson, J{\'o}n Atli},
  journal={IEEE Transactions on Geoscience and Remote Sensing},
  volume={56},
  number={9},
  pages={5046--5063},
  year={2018},
  publisher={IEEE}
}

@article{chen2016deep,
  title={Deep feature extraction and classification of hyperspectral images based on convolutional neural networks},
  author={Chen, Yushi and Jiang, Hanlu and Li, Chunyang and Jia, Xiuping and Ghamisi, Pedram},
  journal={IEEE Transactions on Geoscience and Remote Sensing},
  volume={54},
  number={10},
  pages={6232--6251},
  year={2016},
  publisher={IEEE}
}

@article{yue2015spectral,
  title={Spectral--spatial classification of hyperspectral images using deep convolutional neural networks},
  author={Yue, Jun and Zhao, Wenzhi and Mao, Shanjun and Liu, Hui},
  journal={Remote Sensing Letters},
  volume={6},
  number={6},
  pages={468--477},
  year={2015},
  publisher={Taylor \& Francis}
}

@article{liang2016hyperspectral,
  title={Hyperspectral imagery classification using sparse representations of convolutional neural network features},
  author={Liang, Heming and Li, Qi},
  journal={Remote Sensing},
  volume={8},
  number={2},
  pages={99},
  year={2016},
  publisher={Multidisciplinary Digital Publishing Institute}
}

@article{cheng2018exploring,
  title={Exploring hierarchical convolutional features for hyperspectral image classification},
  author={Cheng, Gong and Li, Zhenpeng and Han, Junwei and Yao, Xiwen and Guo, Lei},
  journal={IEEE Transactions on Geoscience and Remote Sensing},
  volume={56},
  number={11},
  pages={6712--6722},
  year={2018},
  publisher={IEEE}
}

@article{li2017spectral,
  title={Spectral--spatial classification of hyperspectral imagery with 3D convolutional neural network},
  author={Li, Ying and Zhang, Haokui and Shen, Qiang},
  journal={Remote Sensing},
  volume={9},
  number={1},
  pages={67},
  year={2017},
  publisher={Multidisciplinary Digital Publishing Institute}
}

@inproceedings{he2016deep,
  title={Deep residual learning for image recognition},
  author={He, Kaiming and Zhang, Xiangyu and Ren, Shaoqing and Sun, Jian},
  booktitle={Proceedings of the IEEE conference on computer vision and pattern recognition},
  pages={770--778},
  year={2016}
}

@article{lee2017going,
  title={Going deeper with contextual CNN for hyperspectral image classification},
  author={Lee, Hyungtae and Kwon, Heesung},
  journal={IEEE Transactions on Image Processing},
  volume={26},
  number={10},
  pages={4843--4855},
  year={2017},
  publisher={IEEE}
}

@article{zhong2017spectral,
  title={Spectral--spatial residual network for hyperspectral image classification: A 3-D deep learning framework},
  author={Zhong, Zilong and Li, Jonathan and Luo, Zhiming and Chapman, Michael},
  journal={IEEE Transactions on Geoscience and Remote Sensing},
  volume={56},
  number={2},
  pages={847--858},
  year={2017},
  publisher={IEEE}
}

@inproceedings{chopra2005learning,
  title={Learning a similarity metric discriminatively, with application to face verification},
  author={Chopra, Sumit and Hadsell, Raia and LeCun, Yann},
  booktitle={2005 IEEE Computer Society Conference on Computer Vision and Pattern Recognition (CVPR'05)},
  volume={1},
  pages={539--546},
  year={2005},
  organization={IEEE}
}

@inproceedings{hadsell2006dimensionality,
  title={Dimensionality reduction by learning an invariant mapping},
  author={Hadsell, Raia and Chopra, Sumit and LeCun, Yann},
  booktitle={2006 IEEE Computer Society Conference on Computer Vision and Pattern Recognition (CVPR'06)},
  volume={2},
  pages={1735--1742},
  year={2006},
  organization={IEEE}
}

@inproceedings{long2015fully,
  title={Fully convolutional networks for semantic segmentation},
  author={Long, Jonathan and Shelhamer, Evan and Darrell, Trevor},
  booktitle={Proceedings of the IEEE conference on computer vision and pattern recognition},
  pages={3431--3440},
  year={2015}
}

@inproceedings{huang2017densely,
  title={Densely connected convolutional networks},
  author={Huang, Gao and Liu, Zhuang and Van Der Maaten, Laurens and Weinberger, Kilian Q},
  booktitle={Proceedings of the IEEE conference on computer vision and pattern recognition},
  pages={4700--4708},
  year={2017}
}